@article{article,
	author = {Kanevsky, Alex and Carpenter, Mark and Gottlieb, David and Hesthaven, Jan},
	year = {2007},
	month = {08},
	pages = {1753-1781},
	title = {Application of implicit–explicit high order Runge–Kutta methods to discontinuous-Galerkin schemes},
	volume = {225},
	journal = {Journal of Computational Physics},
	doi = {10.1016/j.jcp.2007.02.021}
}